@book{Sal89,
author={Salton, Gerard},
year={1989},
title={Automatic Text Processing},
publisher={Addison-Wesley}
}


@article{Spa72,
author={{Sp\"arck Jones}, Karen},
year={1972},
title={A Statistical Interpretation of Term Specificity and its Application in Retrieval},
journal={Journal of Documentation},
volume={28},
number={1},
pages={11-21}
}


@book{MosWal64,
author={Mosteller, Fredrick and David Wallace},
year={1964},
title={Inference and Disputed Authorship: The Federalist},
publisher={Addison-Wesley},
address={Reading, Massachusetts}
}

@incollection{Kay86,
  AUTHOR = {Kay, Martin},
  TITLE = {Parsing in Functional Unification Grammar},
  YEAR = {1986},
  BOOKTITLE = {Readings in Natural Language Processing},
  EDITOR = {B. J. Grosz and K. {Sp\"arck Jones} and B. L. Webber},
  PUBLISHER = {Morgan Kaufmann Publishers},
  ADDRESS = {Los Altos},
  PAGES = {125-138}
}

@incollection{WikiMisspell,
  AUTHOR = {{Wikipedia contributors}},
  TITLE = {{Wikipedia:Lists} of common misspellings},
  YEAR = {n.d.},
  BOOKTITLE = {Wikipedia, The Free Encyclopedia},
  NOTE = {https://en.wikipedia.org/w/index.php?title=\\Wikipedia:Lists\_of\_common\_misspellings\&\\oldid=813410985}}
}

@book{InfromationRetrieval,
author={C. J. Van Rijsbergen},
year={1979},
title={Information Retrieval},
publisher={Butterworths},
address={London}
}

@article{Mays:1991:CBS:117644.117651,
 author = {Mays, Eric and Damerau, Fred J. and Mercer, Robert L.},
 title = {Context Based Spelling Correction},
 journal = {Inf. Process. Manage.},
 issue_date = {1991},
 volume = {27},
 number = {5},
 month = sep,
 year = {1991},
 issn = {0306-4573},
 pages = {517--522},
 numpages = {6},
 url = {http://dx.doi.org/10.1016/0306-4573(91)90066-U},
 doi = {10.1016/0306-4573(91)90066-U},
 acmid = {117651},
 publisher = {Pergamon Press, Inc.},
 address = {Tarrytown, NY, USA},
} 


